<?xml version="1.0" encoding="UTF-8"?><collection><record><leader>07618ntm a2200817 a 4500</leader><controlfield tag="001">006814656</controlfield><controlfield tag="003">MiAaHDL</controlfield><controlfield tag="005">20190719000000.0</controlfield><controlfield tag="006">m        d        </controlfield><controlfield tag="007">cr bn ---auaua</controlfield><controlfield tag="008">090609q15851586tu            00| ||ara d</controlfield><datafield tag="035" ind1=" " ind2=" "><subfield code="a">(MiU)006814656</subfield></datafield><datafield tag="035" ind1=" " ind2=" "><subfield code="a">sdr-miu006814656</subfield></datafield><datafield tag="040" ind1=" " ind2=" "><subfield code="a">MiU</subfield><subfield code="c">MiU</subfield><subfield code="e">amremm</subfield></datafield><datafield tag="041" ind1="0" ind2=" "><subfield code="a">ara</subfield><subfield code="a">per</subfield></datafield><datafield tag="043" ind1=" " ind2=" "><subfield code="a">n-us-mi</subfield><subfield code="a">a-tu---</subfield><subfield code="a">aw-----</subfield></datafield><datafield tag="100" ind1="0" ind2=" "><subfield code="6">880-01</subfield><subfield code="a">ʻAlī ibn Abī Ṭālib,</subfield><subfield code="c">Caliph,</subfield><subfield code="d">approximately 600-661.</subfield></datafield><datafield tag="240" ind1="1" ind2="0"><subfield code="6">880-02</subfield><subfield code="a">Poems.</subfield><subfield code="k">Selections</subfield></datafield><datafield tag="245" ind1="1" ind2="0"><subfield code="6">880-03</subfield><subfield code="a">[Munājāt ʻAlī ... etc.,</subfield><subfield code="f">994, i.e. 1585 or 1586].</subfield></datafield><datafield tag="246" ind1="3" ind2=" "><subfield code="a">قصيدة عينية</subfield></datafield><datafield tag="260" ind1=" " ind2=" "><subfield code="a">[Istanbul,</subfield><subfield code="c">1585 or 1586].</subfield></datafield><datafield tag="300" ind1=" " ind2=" "><subfield code="a">23 leaves :</subfield><subfield code="b">paper ;</subfield><subfield code="c">258 x 117 (228 x 81) mm.</subfield></datafield><datafield tag="500" ind1=" " ind2=" "><subfield code="a">Shelfmark: Ann Arbor, University of Michigan, Special Collections Library, Isl. Ms. 437</subfield></datafield><datafield tag="500" ind1=" " ind2=" "><subfield code="a">Origin: As appears in colophon at close of on fol.4a, Munājāt ʻAlī executed in Istanbul for Hoca Sadettin Efendi (d.1599), renowned şeyhülislâm and tutor of Sultan Murat III (r.1574-1595), by Mehmet Rıza, Rıza-yi Enesi [of Enez in Edirne?]. Poetic excerpts appear to be dated Dhū al-Ḥijjah 1138 [July-August 1726] (see fol.12b, fol.22a, etc.) and 15 Muḥarram 1139 [ca. 12 September 1726] (see fol.1a).</subfield></datafield><datafield tag="500" ind1=" " ind2=" "><subfield code="a">Former shelfmark: "198 T. De M. [i.e. Tammaro De Marinis]" inscribed in pencil on verso of opening leaf ('title page').</subfield></datafield><datafield tag="500" ind1=" " ind2=" "><subfield code="a">Binding: Pasteboards covered in black leather ; Type III binding (without flap) ; doublures in brown leather, doublure hinges (extending under doublures) in scalloped marbled paper (in blue and white) ; upper and lower covers carry gold-tooled ornament (octagonal or lobed diamond shape) built up from interlace pattern, along with tooled and gold-painted border in a series of s-shaped stamps ; sewn in white thread, four stations ; overall in fairly good condition with minor staining, etc. ; repair to spine (rebacked) in black leather (gone to gray).</subfield></datafield><datafield tag="500" ind1=" " ind2=" "><subfield code="a">Support: non-European laid paper with roughly 8 laid lines per cm. (vertical, somewhat indistinct) and occasional chain lines faintly visible, cloudy formation, thick and sturdy, well-burnished ; "leaves" mainly composed of two (occasionally more) leaves layered together, delaminating in several instances, with several now hinged together / guarded with strips of striped textile ; some leaves tinted (mainly yellow) and gold or silver flecked ; seal impressions mounted on decorative papers.</subfield></datafield><datafield tag="500" ind1=" " ind2=" "><subfield code="a">Decoration: Gold-flecked bands surround lines of text [Munājāt ʻAlī] ; written area surrounded by gold frame ; seal impressions set in decorative, multi-colored mounts, mainly octagonal, rectangular, oval, sun / star, etc. in shape, cut from assorted papers.</subfield></datafield><datafield tag="500" ind1=" " ind2=" "><subfield code="a">Script: Nastaʻlīq ; a large, exquisite hand with elongation and somewhat exaggerated constrast in thickness between horizontal and vertical strokes ; later excerpts in nastaʻlīq and in ruqʻah.</subfield></datafield><datafield tag="500" ind1=" " ind2=" "><subfield code="a">Layout: Munājāt ʻAlī written in 10 lines per page ; frame-ruled ; remaining poetic and prose excerpts vary widely, though most are written on the diagonal.</subfield></datafield><datafield tag="500" ind1=" " ind2=" "><subfield code="a">Collation: I (2), 4 II(18), I+1 (21), I (23) ; mainly binions and single bifolia ; pagination in black ink, Hindu-Arabic numerals.</subfield></datafield><datafield tag="500" ind1=" " ind2=" "><subfield code="a">Dedication: As appears on fol.4a, Munājāt ʻAlī executed for Hoca Sadettin Efendi (d.1599), renowned şeyhülislâm and tutor of Sultan Murat III (r.1574-1595).</subfield></datafield><datafield tag="500" ind1=" " ind2=" "><subfield code="a">Colophon: [Munājāt ʻAlī] "كتبت لحضرة سلطان العلماء برهان الفضلاء خواجه السلطان الاعظم مالك رقاب الامم السلطان مراد خان دام في حفظ ربنا المستعان سعد الدين افندى لا زالت محامده مذكورة ومأثره مشهورة الى انقراض الزمان الفقير المذنب محمد رضاى انسى النسب في سنة اربع وتسعين وتسعمائة بمحروسۀ قسطنطنية"</subfield></datafield><datafield tag="500" ind1=" " ind2=" "><subfield code="a">Explicit: [Munājāt ʻAlī] "وصل عليه ما دعاك موحد وناجاك اخيار ببابك ركع"</subfield></datafield><datafield tag="500" ind1=" " ind2=" "><subfield code="a">Incipit: [Munājāt ʻAlī] "لك الحمد يا ذا الجود والمجد والعلى تباركت تعطي من تشاء وتمنع ..."</subfield></datafield><datafield tag="500" ind1=" " ind2=" "><subfield code="a">Title supplied by cataloguer.</subfield></datafield><datafield tag="500" ind1=" " ind2=" "><subfield code="a">Ms. codex.</subfield></datafield><datafield tag="505" ind1="0" ind2=" "><subfield code="a">7. fol.23a-fol.23b : [mainly blank].</subfield></datafield><datafield tag="505" ind1="0" ind2=" "><subfield code="a">6. fol.13b-fol.22b : [assorted former owners' marks and excerpts in verse and prose (including Nâbî, Kāshānī, etc.) with occasional leaves left blank].</subfield></datafield><datafield tag="505" ind1="0" ind2=" "><subfield code="a">5. fol.13a : [blank].</subfield></datafield><datafield tag="505" ind1="0" ind2=" "><subfield code="a">4. fol.12b : [dated statement].</subfield></datafield><datafield tag="505" ind1="0" ind2=" "><subfield code="a">3. fol.10b-fol.12a : [blank].</subfield></datafield><datafield tag="505" ind1="0" ind2=" "><subfield code="a">2. fol.4b-fol.10a : [collection of seal impressions].</subfield></datafield><datafield tag="505" ind1="0" ind2=" "><subfield code="a">1. fol.1b-fol.4a : [Munājāt ʻAlī] / ʻAlī ibn Abī Ṭālib.</subfield></datafield><datafield tag="510" ind1="4" ind2=" "><subfield code="a">Zakariya, Mohamed. "Islamic calligraphy: A technical overview." In Brocade of the pen: the art of Islamic writing. Carol Garrett Fisher, ed. (East Lansing, MI: Kresge Art Museum, Michigan State University, 1991):</subfield><subfield code="c">1-17</subfield></datafield><datafield tag="510" ind1="4" ind2=" "><subfield code="a">Brocade of the pen : the art of Islamic writing. Carol Garrett Fisher, ed. (East Lansing, MI: Kresge Art Museum, Michigan State University, 1991),</subfield><subfield code="c">no.2, p.83</subfield></datafield><datafield tag="510" ind1="4" ind2=" "><subfield code="a">University of Michigan Library. Manuscripts &amp; papyri : an exhibition arranged for the XXVII International Congress of Orientalists, Ann Arbor, Michigan, August 13-19, 1967. (Ann Arbor, MI [?], 1967),</subfield><subfield code="c">no.77 p.21</subfield></datafield><datafield tag="510" ind1="4" ind2=" "><subfield code="a">Brockelmann, C. GAL,</subfield><subfield code="c">I 43 f.</subfield></datafield><datafield tag="520" ind1="8" ind2=" "><subfield code="a">Elegant copy of a majmūʻah with the qaṣīdah in ʻayn, Munājāt ʻAlī, from the dīwān attributed to ʻAlī ibn Abī Ṭālib (ca. 600-661), followed by a collection of seal impressions (decoratively mounted) and a later assortement of excerpts in verse and prose, in Persian and Turkish. Contribution to the cataloguing from Ali Rafi.</subfield></datafield><datafield tag="538" ind1=" " ind2=" "><subfield code="a">Mode of access: Internet.</subfield></datafield><datafield tag="541" ind1=" " ind2=" "><subfield code="c">Purchase ;</subfield><subfield code="a">Acquired by purchase (funds donated by Horace Rackham).</subfield><subfield code="d">1924.</subfield></datafield><datafield tag="546" ind1=" " ind2=" "><subfield code="a">Arabic, Persian and Ottoman Turkish.</subfield></datafield><datafield tag="561" ind1=" " ind2=" "><subfield code="a">Likely ownership statement on verso of opening leaf ('title page') in name of Ahmet Esat bin Mehmet Salih (Aḥmad Asʻad ibn Muḥammad Ṣāliḥ / احمد اسعد بن محمد صالح ) ; inscription with oval seal impression on final leaf in name of one Ababeyzade, reads "الحقير ابابيك زاده" ; vast collection of seal impressions.</subfield></datafield><datafield tag="650" ind1=" " ind2="0"><subfield code="a">Manuscripts, Turkish</subfield><subfield code="z">Michigan</subfield><subfield code="z">Ann Arbor.</subfield></datafield><datafield tag="650" ind1=" " ind2="0"><subfield code="a">Manuscripts, Persian</subfield><subfield code="z">Michigan</subfield><subfield code="z">Ann Arbor.</subfield></datafield><datafield tag="650" ind1=" " ind2="0"><subfield code="a">Manuscripts, Arabic</subfield><subfield code="z">Michigan</subfield><subfield code="z">Ann Arbor.</subfield></datafield><datafield tag="650" ind1=" " ind2="0"><subfield code="a">Stamp seals</subfield><subfield code="z">Middle East.</subfield></datafield><datafield tag="650" ind1=" " ind2="0"><subfield code="a">Stamp seals</subfield><subfield code="z">Turkey.</subfield></datafield><datafield tag="650" ind1=" " ind2="0"><subfield code="a">Writing, Arabic</subfield><subfield code="v">Specimens.</subfield></datafield><datafield tag="650" ind1=" " ind2="0"><subfield code="a">Calligraphy, Persian</subfield><subfield code="v">Specimens.</subfield></datafield><datafield tag="650" ind1=" " ind2="0"><subfield code="a">Calligraphy, Arabic</subfield><subfield code="v">Specimens.</subfield></datafield><datafield tag="650" ind1=" " ind2="0"><subfield code="a">Islam</subfield><subfield code="v">Prayers and devotions</subfield><subfield code="v">Early works to 1800.</subfield></datafield><datafield tag="650" ind1=" " ind2="0"><subfield code="a">Arabic poetry</subfield><subfield code="y">622-750.</subfield></datafield><datafield tag="700" ind1="0" ind2=" "><subfield code="a">Abdülhamid</subfield><subfield code="b">II,</subfield><subfield code="c">Sultan of the Turks,</subfield><subfield code="d">1842-1918,</subfield><subfield code="e">former owner.</subfield></datafield><datafield tag="700" ind1="1" ind2=" "><subfield code="a">Sadeddin, Hoca,</subfield><subfield code="d">1536-1599,</subfield><subfield code="e">former owner.</subfield></datafield><datafield tag="700" ind1="0" ind2=" "><subfield code="6">880-05</subfield><subfield code="a">Mehmet Rıza,</subfield><subfield code="d">fl. 1585,</subfield><subfield code="e">scribe,</subfield><subfield code="e">calligrapher.</subfield></datafield><datafield tag="773" ind1="0" ind2=" "><subfield code="a">Abdul Hamid Collection.</subfield></datafield><datafield tag="880" ind1="0" ind2=" "><subfield code="6">700-05/</subfield><subfield code="a">محمد رضا,</subfield><subfield code="e">ناسخ,</subfield><subfield code="e">خطاط.</subfield></datafield><datafield tag="880" ind1="1" ind2="0"><subfield code="6">245-03/</subfield><subfield code="a">[مناجات على ... الخ,</subfield><subfield code="f">994ه, 1585 او 1586م].</subfield></datafield><datafield tag="880" ind1="1" ind2="0"><subfield code="6">240-02/</subfield><subfield code="a">ديوان.</subfield><subfield code="k">مختارات</subfield></datafield><datafield tag="880" ind1="0" ind2=" "><subfield code="6">100-01/</subfield><subfield code="a">علي بن ابي طالب,</subfield><subfield code="c">خليفة.</subfield></datafield><datafield tag="CID" ind1=" " ind2=" "><subfield code="a">006814656</subfield></datafield><datafield tag="DAT" ind1="0" ind2=" "><subfield code="a">20190719102638.0</subfield><subfield code="b">20190719000000.0</subfield></datafield><datafield tag="DAT" ind1="1" ind2=" "><subfield code="a">20190719090653.0</subfield><subfield code="b">2019-07-19T16:12:10Z</subfield></datafield><datafield tag="DAT" ind1="2" ind2=" "><subfield code="a">2015-10-02T18:00:03Z</subfield></datafield><datafield tag="CAT" ind1=" " ind2=" "><subfield code="a">SDR-MIU</subfield><subfield code="d">EX LIBRIS - ALEPH</subfield><subfield code="l">prepare.pl-004-008</subfield></datafield><datafield tag="FMT" ind1=" " ind2=" "><subfield code="a">BK</subfield></datafield><datafield tag="HOL" ind1=" " ind2=" "><subfield code="0">sdr-miu006814656</subfield><subfield code="a">MiU</subfield><subfield code="b">SDR</subfield><subfield code="c">MIU</subfield><subfield code="p">mdp.39015079129089</subfield><subfield code="s">MIU</subfield><subfield code="1">006814656</subfield></datafield><datafield tag="974" ind1=" " ind2=" "><subfield code="b">MIU</subfield><subfield code="c">MIU</subfield><subfield code="d">20190719</subfield><subfield code="s">lit-dlps-dc</subfield><subfield code="u">mdp.39015079129089</subfield><subfield code="y">1586</subfield><subfield code="r">pd</subfield><subfield code="q">bib</subfield><subfield code="t">non-US bib date2 &lt; 1879</subfield></datafield></record></collection>